<?xml version="1.0" encoding="UTF-8"?><collection xmlns="http://www.loc.gov/MARC21/slim"><record><leader>00600nam--2200217-u-4500</leader><controlfield tag="001">000051032</controlfield><controlfield tag="002">20161230</controlfield><controlfield tag="005">20170128143628</controlfield><controlfield tag="008">080513s1000------------r-----000-0-eng-d</controlfield><datafield ind1=" " ind2=" " tag="020"><subfield code="a">0-387-07403-1</subfield></datafield><datafield ind1=" " ind2=" " tag="040"><subfield code="a">IFIN-HH</subfield></datafield><datafield ind1=" " ind2=" " tag="080"><subfield code="a">512.57(082.1)</subfield></datafield><datafield ind1="1" ind2=" " tag="100"><subfield code="a">Stratila, Serban</subfield></datafield><datafield ind1="1" ind2=" " tag="245"><subfield code="a">Representations of AF-Algebras and of the Group U</subfield></datafield><datafield ind1=" " ind2=" " tag="250"><subfield code="a">Berlin</subfield><subfield code="b">Springer-Verlag</subfield></datafield><datafield ind1=" " ind2=" " tag="260"><subfield code="a">1975</subfield></datafield><datafield ind1=" " ind2=" " tag="300"><subfield code="a">169 p</subfield></datafield><datafield ind1=" " ind2=" " tag="490"><subfield code="a">Lectures Notes in Mathematics Edited by Dold A. and Eckmann B</subfield><subfield code="v">vol. 486</subfield></datafield><datafield ind1=" " ind2=" " tag="700"><subfield code="a">Voiculescu, Dan</subfield></datafield><datafield ind1=" " ind2=" " tag="852"><subfield code="a">45395</subfield><subfield code="c">512</subfield></datafield><datafield ind1=" " ind2=" " tag="CAT"><subfield code="a">SYS</subfield><subfield code="c">20170128</subfield><subfield code="h">143628</subfield></datafield></record></collection>